
@article{metropolis:1987,
    author = {Metropolis, Nicholas},
    citeulike-article-id = {8066566},
    citeulike-linkout-0 = {http://library.lanl.gov/la-pubs/00326866.pdf},
    journal = {Los Alamos Science},
    title = {{The Beginning of the Monte Carlo Method}},
    url = {http://library.lanl.gov/la-pubs/00326866.pdf},
    year = {1987}
}

@article{metropolis-ulam:1949,
	ISSN = {01621459},
	URL = {http://www.jstor.org/stable/2280232},
	author = {Nicholas Metropolis and S. Ulam},
	journal = {Journal of the American Statistical Association},
	number = {247},
	pages = {335--341},
	publisher = {[American Statistical Association, Taylor & Francis, Ltd.]},
	title = {The Monte Carlo Method},
	volume = {44},
	year = {1949}
}

@ARTICLE{metropolis:1953,
	author = {{Metropolis}, N. and {Rosenbluth}, A.~W. and {Rosenbluth}, M.~N. and 
	{Teller}, A.~H. and {Teller}, E.},
	title = "{Equation of State Calculations by Fast Computing Machines}",
	journal = {The Journal of Chemical Physics},
	 year = 1953,
	month = jun,
	volume = 21,
	pages = {1087-1092},
	  doi = {10.1063/1.1699114},
	adsurl = {http://adsabs.harvard.edu/abs/1953JChPh..21.1087M},
	adsnote = {Provided by the SAO/NASA Astrophysics Data System}
}

@article{hastings:1970,
	author = {Hastings, W. K.},
	title = {Monte Carlo sampling methods using Markov chains and their applications},
	journal = {Biometrika},
	volume = {57},
	number = {1},
	pages = {97-109},
	year = {1970},
	doi = {},
	URL = {http://dx.doi.org/},
	eprint = {/oup/backfile/content_public/journal/biomet/57/1/57.1.97/4/57-1-97.pdf}
}

@article{swendsen-wang:1987,
	title = {Nonuniversal critical dynamics in Monte Carlo simulations},
	author = {Swendsen, Robert H. and Wang, Jian-Sheng},
	journal = {Phys. Rev. Lett.},
	volume = {58},
	issue = {2},
	pages = {86--88},
	numpages = {0},
	year = {1987},
	month = {Jan},
	publisher = {American Physical Society},
	doi = {10.1103/PhysRevLett.58.86},
	url = {https://link.aps.org/doi/10.1103/PhysRevLett.58.86}
}

@article{wolff:1989,
	author         = "Wolff, Ulli",
	title          = "{Collective Monte Carlo Updating for Spin Systems}",
	journal        = "Phys. Rev. Lett.",
	volume         = "62",
	year           = "1989",
	pages          = "361",
	doi            = "10.1103/PhysRevLett.62.361",
	reportNumber   = "DESY-88-144",
	SLACcitation   = "%%CITATION = PRLTA,62,361;%%"
}

@article{dress-krauth:1995,
	author={C Dress and W Krauth},
	title={Cluster algorithm for hard spheres and related systems},
	journal={Journal of Physics A: Mathematical and General},
	volume={28},
	number={23},
	pages={L597},
	url={http://stacks.iop.org/0305-4470/28/i=23/a=001},
	year={1995}
}

@article{fritzsch:1973,
	author         = "Fritzsch, H. and Gell-Mann, Murray and Leutwyler, H.",
	title          = "{Advantages of the Color Octet Gluon Picture}",
	journal        = "Phys. Lett.",
	volume         = "47B",
	year           = "1973",
	pages          = "365-368",
	doi            = "10.1016/0370-2693(73)90625-4",
	reportNumber   = "CALT-68-409",
	SLACcitation   = "%%CITATION = PHLTA,47B,365;%%"
}

@article{yang-mills:1954,
	author         = "Yang, Chen-Ning and Mills, Robert L.",
	title          = "{Conservation of Isotopic Spin and Isotopic Gauge
		Invariance}",
	journal        = "Phys. Rev.",
	volume         = "96",
	year           = "1954",
	pages          = "191-195",
	doi            = "10.1103/PhysRev.96.191",
	note           = "[,150(1954)]",
	SLACcitation   = "%%CITATION = PHRVA,96,191;%%"
}

@article{gross-wilczek:1973,
      author         = "Gross, David J. and Wilczek, Frank",
      title          = "{Ultraviolet Behavior of Nonabelian Gauge Theories}",
      journal        = "Phys. Rev. Lett.",
      volume         = "30",
      year           = "1973",
      pages          = "1343-1346",
      doi            = "10.1103/PhysRevLett.30.1343",
      note           = "[,271(1973)]",
      SLACcitation   = "%%CITATION = PRLTA,30,1343;%%"
}

@article{politzer:1973,
      author         = "Politzer, H. David",
      title          = "{Reliable Perturbative Results for Strong Interactions?}",
      journal        = "Phys. Rev. Lett.",
      volume         = "30",
      year           = "1973",
      pages          = "1346-1349",
      doi            = "10.1103/PhysRevLett.30.1346",
      note           = "[,274(1973)]",
      SLACcitation   = "%%CITATION = PRLTA,30,1346;%%"
}

@article{wilson:1974,
      author         = "Wilson, Kenneth G.",
      title          = "{Confinement of Quarks}",
      journal        = "Phys. Rev.",
      volume         = "D10",
      year           = "1974",
      pages          = "2445-2459",
      doi            = "10.1103/PhysRevD.10.2445",
      note           = "[,319(1974)]",
      reportNumber   = "CLNS-262",
      SLACcitation   = "%%CITATION = PHRVA,D10,2445;%%"
}

@article{creutz:1979,
      author         = "Creutz, Michael and Jacobs, Laurence and Rebbi, Claudio",
      title          = "{Experiments with a Gauge Invariant Ising System}",
      journal        = "Phys. Rev. Lett.",
      volume         = "42",
      year           = "1979",
      pages          = "1390",
      doi            = "10.1103/PhysRevLett.42.1390",
      reportNumber   = "BNL-25858",
      SLACcitation   = "%%CITATION = PRLTA,42,1390;%%"
}

@article{wilson:1980,
      author         = "Wilson, Kenneth G.",
      title          = "{MONTE CARLO CALCULATIONS FOR THE LATTICE GAUGE THEORY}",
      booktitle      = "{Recent Developments in Gauge Theories. Proceedings, Nato
                        Advanced Study Institute, Cargese, France, August 26 -
                        September 8, 1979}",
      journal        = "NATO Sci. Ser. B",
      volume         = "59",
      year           = "1980",
      pages          = "363-402",
      doi            = "10.1007/978-1-4684-7571-5_20",
      reportNumber   = "PRINT-79-1032 (CORNELL), CLNS-80-442",
      SLACcitation   = "%%CITATION = PRINT-79-1032 (CORNELL);%%"
}

@article{creutz:1980,
      author         = "Creutz, M.",
      title          = "{Monte Carlo Study of Quantized SU(2) Gauge Theory}",
      journal        = "Phys. Rev.",
      volume         = "D21",
      year           = "1980",
      pages          = "2308-2315",
      doi            = "10.1103/PhysRevD.21.2308",
      SLACcitation   = "%%CITATION = PHRVA,D21,2308;%%"
}

@article{hamber-parisi:1981,
      author         = "Hamber, H. and Parisi, G.",
      title          = "{Numerical Estimates of Hadronic Masses in a Pure SU(3)
                        Gauge Theory}",
      journal        = "Phys. Rev. Lett.",
      volume         = "47",
      year           = "1981",
      pages          = "1792",
      doi            = "10.1103/PhysRevLett.47.1792",
      note           = "[,619(1981)]",
      reportNumber   = "Print-81-0801 (BNL)",
      SLACcitation   = "%%CITATION = PRLTA,47,1792;%%"
}

@article{weingarten:1982,
      author         = "Weingarten, Don",
      title          = "{Monte Carlo Evaluation of Hadron Masses in Lattice Gauge
                        Theories with Fermions}",
      journal        = "Phys. Lett.",
      volume         = "109B",
      year           = "1982",
      pages          = "57",
      doi            = "10.1016/0370-2693(82)90463-4",
      note           = "[,631(1981)]",
      reportNumber   = "IUHET-69",
      SLACcitation   = "%%CITATION = PHLTA,109B,57;%%"
}

@article{witten:1979-1,
      author         = "Witten, Edward",
      title          = "{Instantons, the Quark Model, and the 1/n Expansion}",
      journal        = "Nucl. Phys.",
      volume         = "B149",
      year           = "1979",
      pages          = "285-320",
      doi            = "10.1016/0550-3213(79)90243-8",
      reportNumber   = "HUTP-78/A042",
      SLACcitation   = "%%CITATION = NUPHA,B149,285;%%"
}

@article{witten:1979-2,
      author         = "Witten, Edward",
      title          = "{Current Algebra Theorems for the U(1) Goldstone Boson}",
      journal        = "Nucl. Phys.",
      volume         = "B156",
      year           = "1979",
      pages          = "269-283",
      doi            = "10.1016/0550-3213(79)90031-2",
      reportNumber   = "HUTP-79/A014",
      SLACcitation   = "%%CITATION = NUPHA,B156,269;%%"
}

@article{veneziano:1979,
      author         = "Veneziano, G.",
      title          = "{U(1) Without Instantons}",
      journal        = "Nucl. Phys.",
      volume         = "B159",
      year           = "1979",
      pages          = "213-224",
      doi            = "10.1016/0550-3213(79)90332-8",
      reportNumber   = "CERN-TH-2651",
      SLACcitation   = "%%CITATION = NUPHA,B159,213;%%"
}


@article{peccei-quinn:1977-2,
      author         = "Peccei, R. D. and Quinn, Helen R.",
      title          = "{Constraints Imposed by CP Conservation in the Presence
                        of Instantons}",
      journal        = "Phys. Rev.",
      volume         = "D16",
      year           = "1977",
      pages          = "1791-1797",
      doi            = "10.1103/PhysRevD.16.1791",
      reportNumber   = "ITP-572-STANFORD",
      SLACcitation   = "%%CITATION = PHRVA,D16,1791;%%"
}

@article{weinberg:1978,
      author         = "Weinberg, Steven",
      title          = "{A New Light Boson?}",
      journal        = "Phys. Rev. Lett.",
      volume         = "40",
      year           = "1978",
      pages          = "223-226",
      doi            = "10.1103/PhysRevLett.40.223",
      reportNumber   = "HUTP-77/A074",
      SLACcitation   = "%%CITATION = PRLTA,40,223;%%"
}

@article{wilczek:1978,
      author         = "Wilczek, Frank",
      title          = "{Problem of Strong p and t Invariance in the Presence of
                        Instantons}",
      journal        = "Phys. Rev. Lett.",
      volume         = "40",
      year           = "1978",
      pages          = "279-282",
      doi            = "10.1103/PhysRevLett.40.279",
      reportNumber   = "Print-77-0939 (COLUMBIA)",
      SLACcitation   = "%%CITATION = PRLTA,40,279;%%"
}

@article{peccei-quinn:1977-1,
      author         = "Peccei, R. D. and Quinn, Helen R.",
      title          = "{CP Conservation in the Presence of Instantons}",
      journal        = "Phys. Rev. Lett.",
      volume         = "38",
      year           = "1977",
      pages          = "1440-1443",
      doi            = "10.1103/PhysRevLett.38.1440",
      note           = "[,328(1977)]",
      reportNumber   = "ITP-568-STANFORD",
      SLACcitation   = "%%CITATION = PRLTA,38,1440;%%"
}

@article{luescher:2011,
      author         = "Luscher, Martin and Schaefer, Stefan",
      title          = "{Lattice QCD without topology barriers}",
      journal        = "JHEP",
      volume         = "07",
      year           = "2011",
      pages          = "036",
      doi            = "10.1007/JHEP07(2011)036",
      eprint         = "1105.4749",
      archivePrefix  = "arXiv",
      primaryClass   = "hep-lat",
      reportNumber   = "CERN-PH-TH-2011-116",
      SLACcitation   = "%%CITATION = ARXIV:1105.4749;%%"
}

@article{mages:2017,
      author         = "Mages, Simon and Toth, Balint C. and Borsanyi, Szabolcs
                        and Fodor, Zoltan and Katz, Sandor D. and Szabo, Kalman
                        K.",
      title          = "{Lattice QCD on nonorientable manifolds}",
      journal        = "Phys. Rev.",
      volume         = "D95",
      year           = "2017",
      pages          = "094512",
      doi            = "10.1103/PhysRevD.95.094512",
      eprint         = "1512.06804",
      archivePrefix  = "arXiv",
      primaryClass   = "hep-lat",
      SLACcitation   = "%%CITATION = ARXIV:1512.06804;%%"
}

@article{todaro:2018,
      author         = "Bonati, Claudio and D'Elia, Massimo and Martinelli, Guido
                        and Negro, Francesco and Sanfilippo, Francesco and Todaro,
                        Antonino",
      title          = "{Topology in full QCD at high temperature: a
                        multicanonical approach}",
      year           = "2018",
      eprint         = "1807.07954",
      archivePrefix  = "arXiv",
      primaryClass   = "hep-lat",
      SLACcitation   = "%%CITATION = ARXIV:1807.07954;%%"
}

@article{top_fixing:2006-1,
      author         = "Fukaya, Hidenori and Hashimoto, Shoji and Hirohashi,
                        Takuya and Ogawa, Kenji and Onogi, Tetsuya",
      title          = "{Topology conserving gauge action and the overlap-Dirac
                        operator}",
      journal        = "Phys. Rev.",
      volume         = "D73",
      year           = "2006",
      pages          = "014503",
      doi            = "10.1103/PhysRevD.73.014503",
      eprint         = "hep-lat/0510116",
      archivePrefix  = "arXiv",
      primaryClass   = "hep-lat",
      reportNumber   = "YITP-05-55, KUNS-1989, KEK-CP-171, CERN-PH-TH-2005-171",
      SLACcitation   = "%%CITATION = HEP-LAT/0510116;%%"
}

@article{top_fixing:2006-2,
      author         = "Bietenholz, Wolfgang and Jansen, K. and Nagai, K. -I. and
                        Necco, S. and Scorzato, L. and Shcheredin, S.",
      title          = "{Exploring topology conserving gauge actions for lattice
                        QCD}",
      journal        = "JHEP",
      volume         = "03",
      year           = "2006",
      pages          = "017",
      doi            = "10.1088/1126-6708/2006/03/017",
      eprint         = "hep-lat/0511016",
      archivePrefix  = "arXiv",
      primaryClass   = "hep-lat",
      reportNumber   = "HU-EP-05-68, CPT-2005-P-074, BI-TP-2005-45, DESY-05-217,
                        SFB-CPP-05-72",
      SLACcitation   = "%%CITATION = HEP-LAT/0511016;%%"
}

@article{top_fixing:2010,
      author         = "Bruckmann, Falk and Gruber, Florian and Jansen, Karl and
                        Marinkovic, Marina and Urbach, Carsten and Wagner, Marc",
      title          = "{Comparing topological charge definitions using topology
                        fixing actions}",
      journal        = "Eur. Phys. J.",
      volume         = "A43",
      year           = "2010",
      pages          = "303-311",
      doi            = "10.1140/epja/i2010-10915-1",
      eprint         = "0905.2849",
      archivePrefix  = "arXiv",
      primaryClass   = "hep-lat",
      reportNumber   = "DESY-09-066, HU-EP-09-17, SFB-CPP-09-37",
      SLACcitation   = "%%CITATION = ARXIV:0905.2849;%%"
}

@article{dromard-wagner:2014,
      author         = "Dromard, Arthur and Wagner, Marc",
      title          = "{Studying and removing effects of fixed topology in a
                        quantum mechanical model}",
      booktitle      = "{Proceedings, 31st International Symposium on Lattice
                        Field Theory (Lattice 2013): Mainz, Germany, July
                        29-August 3, 2013}",
      journal        = "PoS",
      volume         = "LATTICE2013",
      year           = "2014",
      pages          = "339",
      doi            = "10.22323/1.187.0339",
      eprint         = "1309.2483",
      archivePrefix  = "arXiv",
      primaryClass   = "hep-lat",
      SLACcitation   = "%%CITATION = ARXIV:1309.2483;%%"
}

@article{bonati-delia:2018,
	author         = "Bonati, Claudio and D'Elia, Massimo",
	title          = "{Topological critical slowing down: variations on a toy model}",
	journal        = "Phys. Rev.",
	volume         = "E98",
	year           = "2018",
	number         = "1",
	pages          = "013308",
	doi            = "10.1103/PhysRevE.98.013308",
	eprint         = "1709.10034",
	archivePrefix  = "arXiv",
	primaryClass   = "hep-lat",
	SLACcitation   = "%%CITATION = ARXIV:1709.10034;%%"
}

@article{bietenholz-hip:2012,
      author         = "Bietenholz, Wolfgang and Hip, Ivan",
      title          = "{Topological Summation in Lattice Gauge Theory}",
      booktitle      = "{Proceedings, 13th Mexican Workshop on Particles and
                        Fields (MWPF 2011): Leon, Mexico, October 20-26, 2011}",
      journal        = "J. Phys. Conf. Ser.",
      volume         = "378",
      year           = "2012",
      pages          = "012041",
      doi            = "10.1088/1742-6596/378/1/012041",
      eprint         = "1201.6335",
      archivePrefix  = "arXiv",
      primaryClass   = "hep-lat",
      SLACcitation   = "%%CITATION = ARXIV:1201.6335;%%"
}

@article{sinclair:1992,
	author         = "Sinclair, R.",
	title          = "{Cluster algorithm for two-dimensional U(1) lattice gauge theory}",
	journal        = "Phys. Rev.",
	volume         = "D45",
	year           = "1992",
	pages          = "2098-2100",
	doi            = "10.1103/PhysRevD.45.2098",
	SLACcitation   = "%%CITATION = PHRVA,D45,2098;%%"
}

@inbook{montvay-muenster:1994,
	place={Cambridge},
	series={Cambridge Monographs on Mathematical Physics},
	title={Simulation algorithms}, DOI={10.1017/CBO9780511470783.008},
	booktitle={Quantum Fields on a Lattice},
	publisher={Cambridge University Press},
	author={Montvay, Istvan and Münster, Gernot},
	year={1994},
	pages={374–433},
	collection={Cambridge Monographs on Mathematical Physics}
}

@article{durr-hoelbling:2005,
	author         = "Durr, Stephan and Hoelbling, Christian",
	title          = "{Scaling tests with dynamical overlap and rooted staggered fermions}",
	journal        = "Phys. Rev.",
	volume         = "D71",
	year           = "2005",
	pages          = "054501",
	doi            = "10.1103/PhysRevD.71.054501",
	eprint         = "hep-lat/0411022",
	archivePrefix  = "arXiv",
	primaryClass   = "hep-lat",
	reportNumber   = "DESY-04-195, CPT-2004-P-107, WUB-04-17",
	SLACcitation   = "%%CITATION = HEP-LAT/0411022;%%"
}

@inproceedings{teper:1997,
	author         = "Teper, Michael J.",
	title          = "{Physics from the lattice: Glueballs in QCD: Topology: SU(N) for all N}",
	booktitle      = "{Confinement, duality, and nonperturbative aspects of	QCD. Proceedings, NATO Advanced Study Institute, Newton	Institute Workshop, Cambridge, UK, June 23-July 4, 1997}",
	year           = "1997",
	pages          = "43-74",
	eprint         = "hep-lat/9711011",
	archivePrefix  = "arXiv",
	primaryClass   = "hep-lat",
	reportNumber   = "OUTP-97-62-P",
	SLACcitation   = "%%CITATION = HEP-LAT/9711011;%%"
}

@book{stroustrup:2013,
	title={The C++ Programming Language: The C++ Programm Lang\_p4},
	author={Stroustrup, B.},
	isbn={9780133522853},
	url={https://books.google.it/books?id=PSUNAAAAQBAJ},
	year={2013},
	publisher={Pearson Education}
} 
